@book {bourbaki_lie,
  TITLE     = {Lie Groups and Lie Algebras},
  SUBTITLE  = {Chapters~1--3},
  SERIES    = {Elements of Mathematics},
  AUTHOR    = {Bourbaki, Nicolas},
  PUBLISHER = {Springer-Verlag Berlin Heidelberg New York},
  YEAR      = {1989},
  EDITON    = {2nd printing},
  ISBN      = {3-540-50218-1}
}

@book{tauvel_yu,
  TITLE = {Lie Algebras and Algebraic Groups},
  AUTHOR = {Tauvel, Patrice and Yu, Rupert W. T.},
  YEAR = {2005},
  PAGES = {xvi+656},
  SERIES = {Springer Monographs in Mathematics},
  PUBLISHER = {Springer-Verlag Berlin Heidelberg},
  ISSN = {1439-7382},
  ISBN = {978-3-540-24170-6},
  DOI = {10.1007/b139060}
}

@online {radical_history,
  TITLE = {On radicals of a lie algebra},
  AUTHOR = {Jim Humphreys},
  HOWPUBLISHED = {MathOverflow},
  DATE = {2013-11-20},
  URL = {https://mathoverflow.net/q/149435},
  URLDATE = {2019-05-09},
  LABEL = {MO}
}
