@book{noncommutative_noetherian,
  TITLE = {Noncommutative {N}oetherian Rings},
  AUTHOR = {McConnel, J. C. and Robson, J. C. and Small, L. W.},
  SERIES = {Graduate Studies in Mathematics},
  NUMBER = {30},
  PUBLISHER = {American Mathematical Society},
  PAGES = {xx+636},
  YEAR = 1987,
  ISBN = {978-0-8218-2169-5},
  ISSN = {1065-7339}
}
